@Article{Adamiec_2004,
  Title                    = {Application of a genetic algorithm to finding parameter values for numerical simulation of quartz luminescence},
  Author                   = {Adamiec, Grzegorz and Garcia-Talavera, Marta and Bailey, Richard M and de La Torre, Pilar Iniguez},
  Journal                  = {Geochronometria},
  Year                     = {2004},
  Pages                    = {9-14},
  Volume                   = {23},

  File                     = {Adamiec_2004.pdf:Adamiec_2004.pdf:PDF},
  Owner                    = {johannes},
  Timestamp                = {2016.04.07}
}


@Article{Bailey_2001,
  Title                    = {Towards a general kinetic model for optically and thermally stimulated luminescence of quartz},
  Author                   = {Bailey, R M},
  Journal                  = {Radiation Measurements},
  Year                     = {2001},
  Pages                    = {17--45},
  Volume                   = {33},

  File                     = {Bailey_2001.pdf:Bailey_2001.pdf:PDF},
  Timestamp                = {2016.04.15}
}

@Article{Bailey_2002,
  Title                    = {Simulations of variability in the luminescence characteristics of natural quartz and its implications for estimates of absorbed dose},
  Author                   = {R. Bailey},
  Journal                  = {Radiation Protection Dosimetry},
  Year                     = {2002},
  Pages                    = {33--38},
  Volume                   = {100},

  File                     = {Bailey_2002.pdf:Bailey_2002.pdf:PDF},
  Publisher                = {NTP},
  Timestamp                = {2016.04.15}
}

@Article{Bailey_2004,
  Title                    = {{Paper I - Simulation of dose absorption in quartz over geological timescales and its implications for the precision and accuracy of optical dating}},
  Author                   = {R. Bailey},
  Journal                  = {Radiation Measurements},
  Year                     = {2004},
  Pages                    = {299--310},
  Volume                   = {38},

  File                     = {Bailey_2004.pdf:Bailey_2004.pdf:PDF},
  Publisher                = {Elsevier}
}

@Article{Chen_2013d,
  Title                    = {On the quasi-equilibrium assumptions in the theory of thermoluminescence (TL)},
  Author                   = {Chen, R and Pagonis, V},
  Journal                  = {Journal of Luminescence},
  Year                     = {2013},
  Pages                    = {734--740},
  Volume                   = {143},

  File                     = {Chen_2013d.pdf:Chen_2013d.pdf:PDF},
  Publisher                = {Elsevier},
  Timestamp                = {2016.05.12}
}

@Book{Eddelbuettel_2013,
  Title                    = {{Seamless R and C++ integration with Rcpp}},
  Author                   = {Eddelbuettel, Dirk},
  Publisher                = {Springer},
  Year                     = {2013},

  File                     = {:Arbeitsfläche/E-Books/Eddelbuettel -Seamless R and C++ Integration with Rcpp.pdf:PDF},
  Timestamp                = {2016.04.08}
}


@Article{Friedrich_2017,
  Title                    = {Quartz radiofluorescence: a modelling approach},
  Author                   = {Johannes Friedrich and Vasilis Pagonis and Reuven Chen and Sebastian Kreutzer and Christoph Schmidt},
  Journal                  = {Journal of Luminescence},
  Year                     = {2017},
  Pages                    = {318-325},
  Volume                   = {186},

  File                     = {Friedrich_2017.pdf:Friedrich_2017.pdf:PDF},
  Owner                    = {johannes},
  Timestamp                = {2017.03.10}
}

@Article{Friedrich_2016,
  Title                    = {{Solving ordinary differential equations to understand luminescence: 'RLumModel', an advanced research tool for simulating luminescence in quartz using R }},
  Author                   = {Johannes Friedrich and Sebastian Kreutzer and Christoph Schmidt},
  Journal                  = {Quaternary Geochronology },
  Year                     = {2016},
  Pages                    = {88 - 100},
  Volume                   = {35},

  File                     = {Friedrich_2016.pdf:Friedrich_2016.pdf:PDF},
  ISSN                     = {1871-1014},
  Keywords                 = {Luminescence},
  Timestamp                = {2016.11.11}
}

@Article{Kreutzer_2012,
  Title                    = {{Introducing an R package for luminescence dating analysis}},
  Author                   = {Kreutzer, Sebastian and Schmidt, Christoph and Fuchs, Margret C and Dietze, Michael and Fischer, Manfred and Fuchs, Markus},
  Journal                  = {Ancient TL},
  Year                     = {2012},
  Pages                    = {1--8},
  Volume                   = {30},

  File                     = {Kreutzer_2012.pdf:Kreutzer_2012.pdf:PDF},
  Publisher                = {Aberystwyth Luminescence Laboratory, Institute of Geography and Earth Sciences, Aberystywth University (UK)},
  Timestamp                = {2015-12-04}
}

@Article{Lawless_2009,
  Title                    = {Sublinear dose dependence of thermoluminescence and optically stimulated luminescence prior to the approach to saturation level},
  Author                   = {Lawless, J L and Chen, R and Pagonis, V},
  Journal                  = {Radiation Measurements},
  Year                     = {2009},
  Number                   = {5},
  Pages                    = {606--610},
  Volume                   = {44},

  File                     = {Lawless_2009.pdf:Lawless_2009.pdf:PDF},
  Publisher                = {Elsevier},
  Timestamp                = {2016.04.27}
}


@Article{Pagonis_2003,
  Title                    = {{Applicability of the Zimmerman predose model in the thermoluminescence of predosed and annealed synthetic quartz samples}},
  Author                   = {Pagonis, Vasilis and Kitis, George and Chen, Reuven},
  Journal                  = {Radiation Measurements},
  Year                     = {2003},
  Number                   = {3},
  Pages                    = {267--274},
  Volume                   = {37},

  File                     = {Pagonis_2003.pdf:Pagonis_2003.pdf:PDF},
  Publisher                = {Elsevier}
}

@Article{Pagonis_2007a,
  Title                    = {Modelling thermal transfer in optically stimulated luminescence of quartz},
  Author                   = {Pagonis, V and Chen, R and Wintle, AG},
  Journal                  = {Journal of Physics D: Applied Physics},
  Year                     = {2007},
  Number                   = {4},
  Pages                    = {998},
  Volume                   = {40},

  File                     = {Pagonis_2007a.pdf:Pagonis_2007a.pdf:PDF},
  Publisher                = {IOP Publishing},
  Timestamp                = {2016.09.05}
}

@Article{Pagonis_2008a,
  Title                    = {Simulations of the predose technique for retrospective dosimetry and authenticity testing},
  Author                   = {Pagonis, V and Balsamo, E and Barnold, C and Duling, K and McCole, S},
  Journal                  = {Radiation Measurements},
  Year                     = {2008},
  Number                   = {8},
  Pages                    = {1343--1353},
  Volume                   = {43},

  File                     = {Pagonis_2008a.pdf:Pagonis_2008a.pdf:PDF},
  Publisher                = {Elsevier},
  Timestamp                = {2015-12-02}
}

@Article{Pagonis_2008b,
  Title                    = {{A theoretical model for a new dating protocol for quartz based on thermally transferred OSL (TT-OSL)}},
  Author                   = {Pagonis, V. and Wintle, A.G. and Chen, R. and Wang, X.L.},
  Journal                  = {Radiation Measurements },
  Year                     = {2008},
  Pages                    = {704 - 708},
  Volume                   = {43},

  File                     = {:Arbeitsfläche/Pagonis_2008b.pdf:PDF;Pagonis_2008b.pdf:Pagonis_2008b.pdf:PDF;Pagonis_2008b.pdf:Literatur/Pagonis_2008b.pdf:PDF},
  ISSN                     = {1350-4487},
  Keywords                 = {OSL},
  Timestamp                = {2016.08.30}
}

@Article{Pagonis_2009a,
  Title                    = {{Radioluminescence in {Al${_2}$O${_3}$:C} -- analytical and numerical simulation results}},
  Author                   = {Pagonis, V and Lawless, J L and Chen, R and Andersen, C},
  Journal                  = {Journal of Physics D: Applied Physics},
  Year                     = {2009},
  Number                   = {17},
  Pages                    = {175107},
  Volume                   = {42},

  File                     = {Pagonis_2009a.pdf:Pagonis_2009a.pdf:PDF},
  Publisher                = {IOP Publishing},
  Timestamp                = {2016.04.23}
}

@Article{Wintle_1975,
  Title                    = {{Thermal Quenching of Thermoluminescence in Quartz}},
  Author                   = {Wintle, AG},
  Journal                  = {Geophysical Journal International},
  Year                     = {1975},
  Number                   = {1},
  Pages                    = {107--113},
  Volume                   = {41},

  File                     = {Wintle_1975.pdf:Wintle_1975.pdf:PDF},
  Publisher                = {Oxford University Press},
  Timestamp                = {2016-01-07}
}


@Article{Zimmerman_1971,
  Title                    = {{The radiation-induced increase of the 100$\,^\circ$C thermoluminescence sensitivity of fired quartz}},
  Author                   = {Zimmerman, J},
  Journal                  = {Journal of Physics C: Solid State Physics},
  Year                     = {1971},
  Number                   = {18},
  Pages                    = {3265-3276},
  Volume                   = {4},

  File                     = {Zimmerman_1971.pdf:Zimmerman_1971.pdf:PDF},
  Publisher                = {IOP Publishing},
  Timestamp                = {2017.06.19}
}





