@Manual{,
  title = {RLumModel: Solving Ordinary Differential Equations to Understand Luminescence},
  author = {Johannes Friedrich and Sebastian Kreutzer and Christoph Schmidt},
  year = {2020},
  note = {R package version 0.2.8.9000-3},
  url = {https://CRAN.R-project.org/package=RLumModel},
}
