@Manual{,
  title = {RLumModel: Solving Ordinary Differential Equations to Unterstand
Luminescence},
  author = {Johannes Friedrich and Sebastian Kreutzer and Christoph Schmidt},
  year = {2016},
  note = {R package version 0.2.0},
}
