@Manual{,
  title = {RLumModel: Solving Ordinary Differential Equations to Understand
Luminescence},
  author = {Johannes Friedrich and Sebastian Kreutzer and Christoph Schmidt},
  year = {2016},
  note = {R package version 0.1.2},
  url = {https://CRAN.R-project.org/package=RLumModel},
}
