
@InCollection{,
  title = {.set_pars(): Set parameters for Different Quartz Luminescence Models},
  volume = {version: 0.1.3},
  author = {Friedrich J},
  booktitle = {Friedrich, J., Kreutzer, S., Schmidt, C., 2021. RLumModel: Solving Ordinary Differential Equations to Understand Luminescence. R package version 0.2.10.9000-24.},
  publisher = {RLumModel},
  year = {2021},
  url = {https://CRAN.R-project.org/package=RLumModel},
}
@InCollection{,
  title = {model_LuminescenceSignals(): Model Luminescence Signals},
  volume = {version: 0.1.5},
  author = {Friedrich J and Kreutzer S},
  booktitle = {Friedrich, J., Kreutzer, S., Schmidt, C., 2021. RLumModel: Solving Ordinary Differential Equations to Understand Luminescence. R package version 0.2.10.9000-24.},
  publisher = {RLumModel},
  year = {2021},
  url = {https://CRAN.R-project.org/package=RLumModel},
}
@InCollection{,
  title = {read_SEQ2R(): Parse a Risoe SEQ-file to a sequence neccessary for simulating quartz luminescence},
  volume = {version: 0.1.0},
  author = {Friedrich J},
  booktitle = {Friedrich, J., Kreutzer, S., Schmidt, C., 2021. RLumModel: Solving Ordinary Differential Equations to Understand Luminescence. R package version 0.2.10.9000-24.},
  publisher = {RLumModel},
  year = {2021},
  url = {https://CRAN.R-project.org/package=RLumModel},
}
@InCollection{,
  title = {trace_ParameterStateEvolution(): Trace parameter state evolution},
  volume = {version: 0.1.0},
  author = {Kreutzer S},
  booktitle = {Friedrich, J., Kreutzer, S., Schmidt, C., 2021. RLumModel: Solving Ordinary Differential Equations to Understand Luminescence. R package version 0.2.10.9000-24.},
  publisher = {RLumModel},
  year = {2021},
  url = {https://CRAN.R-project.org/package=RLumModel},
}
