@Manual{,
  title = {RLumModel: Solving Ordinary Differential Equations to Understand Luminescence},
  author = {Johannes Friedrich and Sebastian Kreutzer and Christoph Schmidt},
  year = {2022},
  note = {R package version 0.2.11.9000-1},
  url = {https://CRAN.R-project.org/package=RLumModel},
}
