
@InCollection{,
  title = {model_LuminescenceSignals(): Model Luminescence Signals},
  volume = {version: 0.1.5},
  author = {Friedrich J and Kreutzer S},
  booktitle = {Friedrich, J., Kreutzer, S., Schmidt, C., 2019. RLumModel: Solving Ordinary Differential Equations to Understand LuminescenceR package version 0.2.5.9000-1.},
  publisher = {RLumModel},
  year = {2019},
  url = {https://CRAN.R-project.org/package=RLumModel},
}
@InCollection{,
  title = {read_SEQ2R(): Parse a Risoe SEQ-file to a sequence neccessary for simulating quartz luminescence},
  volume = {version: 0.1.0},
  author = {Friedrich J},
  booktitle = {Friedrich, J., Kreutzer, S., Schmidt, C., 2019. RLumModel: Solving Ordinary Differential Equations to Understand LuminescenceR package version 0.2.5.9000-1.},
  publisher = {RLumModel},
  year = {2019},
  url = {https://CRAN.R-project.org/package=RLumModel},
}
