
@InCollection{,
  title = {.set_pars(): Set parameters for Different Quartz Luminescence Models},
  volume = {version: 0.1.3},
  author = {Friedrich J},
<<<<<<<< HEAD:RLumModel.BuildResults/RLumModel_0.2.9-fun_bibliography.bib
  booktitle = {Friedrich, J., Kreutzer, S., Schmidt, C., 2021. RLumModel: Solving Ordinary Differential Equations to Understand Luminescence. R package version 0.2.9.},
========
  booktitle = {Friedrich, J., Kreutzer, S., Schmidt, C., 2022. RLumModel: Solving Ordinary Differential Equations to Understand Luminescence. R package version 0.2.10.},
>>>>>>>> dev_0.2.x:RLumModel.BuildResults/RLumModel_0.2.10-fun_bibliography.bib
  publisher = {RLumModel},
  year = {2022},
  url = {https://CRAN.R-project.org/package=RLumModel},
}
@InCollection{,
  title = {model_LuminescenceSignals(): Model Luminescence Signals},
  volume = {version: 0.1.6},
  author = {Friedrich J and Kreutzer S},
<<<<<<<< HEAD:RLumModel.BuildResults/RLumModel_0.2.9-fun_bibliography.bib
  booktitle = {Friedrich, J., Kreutzer, S., Schmidt, C., 2021. RLumModel: Solving Ordinary Differential Equations to Understand Luminescence. R package version 0.2.9.},
========
  booktitle = {Friedrich, J., Kreutzer, S., Schmidt, C., 2022. RLumModel: Solving Ordinary Differential Equations to Understand Luminescence. R package version 0.2.10.},
>>>>>>>> dev_0.2.x:RLumModel.BuildResults/RLumModel_0.2.10-fun_bibliography.bib
  publisher = {RLumModel},
  year = {2022},
  url = {https://CRAN.R-project.org/package=RLumModel},
}
@InCollection{,
  title = {read_SEQ2R(): Parse a Risoe SEQ-file to a sequence neccessary for simulating quartz luminescence},
  volume = {version: 0.1.0},
  author = {Friedrich J},
<<<<<<<< HEAD:RLumModel.BuildResults/RLumModel_0.2.9-fun_bibliography.bib
  booktitle = {Friedrich, J., Kreutzer, S., Schmidt, C., 2021. RLumModel: Solving Ordinary Differential Equations to Understand Luminescence. R package version 0.2.9.},
========
  booktitle = {Friedrich, J., Kreutzer, S., Schmidt, C., 2022. RLumModel: Solving Ordinary Differential Equations to Understand Luminescence. R package version 0.2.10.},
>>>>>>>> dev_0.2.x:RLumModel.BuildResults/RLumModel_0.2.10-fun_bibliography.bib
  publisher = {RLumModel},
  year = {2022},
  url = {https://CRAN.R-project.org/package=RLumModel},
}
@InCollection{,
  title = {trace_ParameterStateEvolution(): Trace parameter state evolution},
  volume = {version: 0.1.0},
  author = {Kreutzer S},
  booktitle = {Friedrich, J., Kreutzer, S., Schmidt, C., 2022. RLumModel: Solving Ordinary Differential Equations to Understand Luminescence. R package version 0.2.10.},
  publisher = {RLumModel},
  year = {2022},
  url = {https://CRAN.R-project.org/package=RLumModel},
}
