@Manual{,
  title = {RLumModel: Modelling Ordinary Differential Equations Leading to
Luminescence},
  author = {Johannes Friedrich and Sebastian Kreutzer and Christoph Schmidt},
  year = {2016},
  note = {R package version 0.1.1},
}
