@Manual{,
  title = {RLumModel: Solving Ordinary Differential Equations to Understand Luminescence},
  author = {Johannes Friedrich and Sebastian Kreutzer and Christoph Schmidt},
<<<<<<<< HEAD:RLumModel.BuildResults/RLumModel_0.2.9-bibliography.bib
  year = {2021},
  note = {R package version 0.2.9},
========
  year = {2022},
  note = {R package version 0.2.10},
>>>>>>>> dev_0.2.x:RLumModel.BuildResults/RLumModel_0.2.10-bibliography.bib
  url = {https://CRAN.R-project.org/package=RLumModel},
}
