@Manual{,
  title = {RLumModel: Solving Ordinary Differential Equations to Understand Luminescence},
  author = {Johannes Friedrich and Sebastian Kreutzer and Christoph Schmidt},
  year = {2019},
  note = {R package version 0.2.5.9000-6},
  url = {https://CRAN.R-project.org/package=RLumModel},
}
